<record><leader>00000cas a22000007a 4500</leader><controlfield tag="001">5202462</controlfield><controlfield tag="008">790724c19659999inuwr ne      0   a0eng d</controlfield><datafield ind1=" " ind2=" " tag="010"><subfield code="a">sn 79007205 </subfield></datafield><datafield ind1=" " ind2=" " tag="040"><subfield code="a">NSD</subfield><subfield code="b">eng</subfield><subfield code="c">NSD</subfield><subfield code="d">NPI</subfield><subfield code="d">OCLCQ</subfield></datafield><datafield ind1=" " ind2=" " tag="012"><subfield code="k">1</subfield><subfield code="m">1</subfield></datafield><datafield ind1="1" ind2=" " tag="022"><subfield code="a">0193-4910</subfield><subfield code="l">0193-4910</subfield><subfield code="2">1</subfield></datafield><datafield ind1="1" ind2=" " tag="029"><subfield code="a">AU@</subfield><subfield code="b">000045376796</subfield></datafield><datafield ind1=" " ind2=" " tag="032"><subfield code="a">110110</subfield><subfield code="b">USPS</subfield></datafield><datafield ind1=" " ind2=" " tag="042"><subfield code="a">nsdp</subfield></datafield><datafield ind1=" " ind2="0" tag="222"><subfield code="a">Hendricks County flyer</subfield></datafield><datafield ind1="0" ind2="0" tag="245"><subfield code="a">Hendricks County flyer.</subfield></datafield><datafield ind1=" " ind2=" " tag="260"><subfield code="a">Plainfield, Ind. :</subfield><subfield code="b">Hendricks County flyer</subfield></datafield><datafield ind1=" " ind2=" " tag="300"><subfield code="a">v.</subfield></datafield><datafield ind1=" " ind2=" " tag="310"><subfield code="a">Weekly</subfield></datafield><datafield ind1="1" ind2=" " tag="362"><subfield code="a">Began in Mar. 1965.</subfield></datafield><datafield ind1=" " ind2=" " tag="588"><subfield code="a">Description based on: Jan. 3, 1973.</subfield></datafield><datafield ind1=" " ind2=" " tag="752"><subfield code="a">United States</subfield><subfield code="b">Indiana</subfield><subfield code="c">Hendricks</subfield><subfield code="d">Plainfield.</subfield></datafield><datafield ind1=" " ind2=" " tag="936"><subfield code="a">Mar. 21, 1979</subfield></datafield></record>